@book{chacon2014pro,
  title={Pro Git},
  author={Chacon, S. and Straub, B.},
  isbn={9781484200766},
  series={The expert's voice},
  url={https://books.google.hr/books?id=jVYnCgAAQBAJ},
  year={2014},
  publisher={Apress}
}
